 @misc{lunde_2014,
 title={IDS + OpenType: Pseudo-encoding Unencoded Glyphs}, url={https://blogs.adobe.com/CCJKType/2014/03/ids-opentype.html}, journal={CJK Type Blog}, author={Lunde, Ken}, year={2014}, month={Mar}}  
