@inproceedings{casia-handwriting-db,
author = {Liu, Cheng-Lin and Yin, Fei and Wang, Da-Han and Wang, Qiu-Feng},
year = {2011},
month = {10},
pages = {37 - 41},
title = {CASIA Online and Offline Chinese Handwriting Databases},
journal = {Proceedings of the International Conference on Document Analysis and Recognition, ICDAR},
doi = {10.1109/ICDAR.2011.17}
}
