 @article{yeh_chou_ho_2017,
 title={Lexical processing of Chinese sub-character components: Semantic activation of phonetic radicals as revealed by the Stroop effect}, volume={7}, DOI={10.1038/s41598-017-15536-w}, number={1}, journal={Scientific Reports}, author={Yeh, Su-Ling and Chou, Wei-Lun and Ho, Pokuan}, year={2017}, month={Nov}}  
