@article{DBLP:journals/corr/Ren0016,
  author    = {Xiaohang Ren and
               Kai Chen and
               Jun Sun},
  title     = {A {CNN} Based Scene Chinese Text Recognition Algorithm With Synthetic
               Data Engine},
  journal   = {CoRR},
  volume    = {abs/1604.01891},
  year      = {2016},
  url       = {http://arxiv.org/abs/1604.01891},
  archivePrefix = {arXiv},
  eprint    = {1604.01891},
  timestamp = {Mon, 13 Aug 2018 16:49:03 +0200},
  biburl    = {https://dblp.org/rec/journals/corr/Ren0016.bib},
  bibsource = {dblp computer science bibliography, https://dblp.org}
}
