@article{DBLP:journals/corr/abs-1808-04134,
  author    = {Wenchao Wang and
               Jianshu Zhang and
               Jun Du and
               Zi{-}Rui Wang and
               Yixing Zhu},
  title     = {DenseRAN for Offline Handwritten Chinese Character Recognition},
  journal   = {CoRR},
  volume    = {abs/1808.04134},
  year      = {2018},
  url       = {http://arxiv.org/abs/1808.04134},
  archivePrefix = {arXiv},
  eprint    = {1808.04134},
  timestamp = {Sun, 02 Sep 2018 15:01:57 +0200},
  biburl    = {https://dblp.org/rec/journals/corr/abs-1808-04134.bib},
  bibsource = {dblp computer science bibliography, https://dblp.org}
}
