@article{DBLP:journals/corr/Skala14,
  author    = {Matthew Skala},
  title     = {A Structural Query System for Han Characters},
  journal   = {CoRR},
  volume    = {abs/1404.5585},
  year      = {2014},
  url       = {http://arxiv.org/abs/1404.5585},
  archivePrefix = {arXiv},
  eprint    = {1404.5585},
  timestamp = {Mon, 13 Aug 2018 16:46:29 +0200},
  biburl    = {https://dblp.org/rec/journals/corr/Skala14.bib},
  bibsource = {dblp computer science bibliography, https://dblp.org}
}

