@article{DBLP:journals/corr/ZhongJX15,
  author    = {Zhuoyao Zhong and
               Lianwen Jin and
               Zecheng Xie},
  title     = {High Performance Offline Handwritten Chinese Character Recognition
               Using GoogLeNet and Directional Feature Maps},
  journal   = {CoRR},
  volume    = {abs/1505.04925},
  year      = {2015},
  url       = {http://arxiv.org/abs/1505.04925},
  archivePrefix = {arXiv},
  eprint    = {1505.04925},
  timestamp = {Mon, 13 Aug 2018 16:47:37 +0200},
  biburl    = {https://dblp.org/rec/journals/corr/ZhongJX15.bib},
  bibsource = {dblp computer science bibliography, https://dblp.org}
}

 
