@inproceedings{kudo-etal-2011-efficient,
    title = "Efficient dictionary and language model compression for input method editors",
    author = "Kudo, Taku  and
      Hanaoka, Toshiyuki  and
      Mukai, Jun  and
      Tabata, Yusuke  and
      Komatsu, Hiroyuki",
    booktitle = "Proceedings of the Workshop on Advances in Text Input Methods ({WTIM} 2011)",
    month = nov,
    year = "2011",
    address = "Chiang Mai, Thailand",
    publisher = "Asian Federation of Natural Language Processing",
    url = "https://www.aclweb.org/anthology/W11-3503",
    pages = "19--25",
}
