@misc{apel_2009,
title={KanjiVG},
url={http://kanjivg.tagaini.net/},
journal={KanjiVG, a description of the sinographs (or kanji) used by the Japanese language},
author={Apel, Ulrich},
year={2009}
} 
