 @misc{davis_2012,
 title={Psycholinguistic evidence on scrambled letters in reading}, url={https://www.mrc-cbu.cam.ac.uk/people/matt.davis/cmabridge/}, journal={MRC Cognition and Brain Sciences Unit}, author={Davis, Matt}, year={2012}}  
