@article{DBLP:journals/corr/abs-1808-08993,
  author    = {Sheng He and
               Lambert Schomaker},
  title     = {Open Set Chinese Character Recognition using Multi-typed Attributes},
  journal   = {CoRR},
  volume    = {abs/1808.08993},
  year      = {2018},
  url       = {http://arxiv.org/abs/1808.08993},
  archivePrefix = {arXiv},
  eprint    = {1808.08993},
  timestamp = {Mon, 03 Sep 2018 13:36:40 +0200},
  biburl    = {https://dblp.org/rec/journals/corr/abs-1808-08993.bib},
  bibsource = {dblp computer science bibliography, https://dblp.org}
}
