@article{45422,
title	= {Multi-Language Online Handwriting Recognition},
author	= {Daniel Keysers and Thomas Deselaers and Henry A. Rowley and Li-Lun Wang and Victor Carbune},
year	= {2016},
URL	= {http://ieeexplore.ieee.org/stamp/stamp.jsp?tp=&arnumber=7478642},
journal	= {IEEE Transactions on Pattern Analysis and Machine Intelligence}
}

 
