@article{article,
author = {Jaeger, Stefan and Liu, Cheng-Lin and Nakagawa, Masaki},
year = {2003},
month = {10},
pages = {75-88},
title = {The state of the art in Japanese online handwriting recognition compared to techniques in western handwriting recognition},
volume = {6},
journal = {International Journal on Document Analysis and Recognition},
doi = {10.1007/s10032-003-0107-y}
} 
