@article{article,
author = {Liu, Cheng-Lin and Jaeger, Stefan and Nakagawa, Masaki},
year = {2004},
month = {03},
pages = {198-213},
title = {Online Recognition of Chinese Characters: The State-of-the-Art},
volume = {26},
journal = {IEEE transactions on pattern analysis and machine intelligence},
doi = {10.1109/TPAMI.2004.1262182}
} 
