@article{DBLP:journals/corr/WangJQYLZWT17,
  author    = {Fei Wang and
               Mengqing Jiang and
               Chen Qian and
               Shuo Yang and
               Cheng Li and
               Honggang Zhang and
               Xiaogang Wang and
               Xiaoou Tang},
  title     = {Residual Attention Network for Image Classification},
  journal   = {CoRR},
  volume    = {abs/1704.06904},
  year      = {2017},
  url       = {http://arxiv.org/abs/1704.06904},
  archivePrefix = {arXiv},
  eprint    = {1704.06904},
  timestamp = {Fri, 18 Dec 2020 08:50:35 +0100},
  biburl    = {https://dblp.org/rec/journals/corr/WangJQYLZWT17.bib},
  bibsource = {dblp computer science bibliography, https://dblp.org}
} 
