@misc{the unicode standard version 13.0 – 18.2  ideographic description characters_2020,
title={The Unicode Standard Version 13.0 – Core Specification}, url={https://www.unicode.org/versions/Unicode13.0.0/ch18.pdf#page=24}, journal={The Unicode Standard Version 13.0 – 18.2  Ideographic Description Characters}, year={2020}, month={Mar}}  
