@misc{bishop_cook_2018,
title={Character Description Language (CDL)}, url={http://www.wenlin.com/cdl}, journal={An XML application for rendering and indexing Han (CJKV) characters}, publisher={Wenlin Institute, Inc. SPC}, author={Bishop, Tom and Cook, Richard}, year={2018}}  
