@misc{user:emphrase_2020,
title={Han unification - Differences for the same Unicode character (U+8FD4) in regional versions of Source Han Sans}, url={https://en.wikipedia.org/wiki/Han_unification#/media/File:Source_Han_Sans_Version_Difference.svg}, journal={Wikipedia}, publisher={Wikimedia Foundation}, author={User:Emphrase}, year={2020}, month={Dec}}  
