@article{DBLP:journals/corr/RedmonF16,
  author    = {Joseph Redmon and
               Ali Farhadi},
  title     = {{YOLO9000:} Better, Faster, Stronger},
  journal   = {CoRR},
  volume    = {abs/1612.08242},
  year      = {2016},
  url       = {http://arxiv.org/abs/1612.08242},
  archivePrefix = {arXiv},
  eprint    = {1612.08242},
  timestamp = {Mon, 13 Aug 2018 16:48:25 +0200},
  biburl    = {https://dblp.org/rec/journals/corr/RedmonF16.bib},
  bibsource = {dblp computer science bibliography, https://dblp.org}
}

 
