 @misc{harbaugh_1996,
 title={Chinese Characters: A Genealogy and Dictionary}, url={http://zhongwen.com/}, journal={Zhongwen.com}, publisher={Yale Press}, author={Harbaugh, Rick}, year={1996}}  
